@article{bib:spp,
title="Spatial Pyramid Pooling in Deep Convolutional Networks for Visual Recognition",
year={2015},
month={04},
author="Kaiming He and Xiangyu Zhang and Shaoqing Ren and Jian Sun"
}