@online {bib:wolfram-likelihood,
    title={Wolfram MathWold - Likelihood},
    url = {http://mathworld.wolfram.com/Likelihood.html},
    note={Accessed: 29.03.2016}
}

@book {bib:mitchell,
    author    = "Tom Mitchell",
    title     = "Machine Learning",
    publisher = "McGraw Hill",
    year      = "1997"
}

@article {bib:improving-naive-bayes,
author="Yirong Shen and Jing Jian",
title="Improving the Performance of Naive Bayes for Text Classification",
}
